
@online{sePME,
  title        = {EcoStruxure™ Power Monitoring Expert},
  howpublished = {\url{https://www.se.com/hu/hu/product-range/65404-ecostruxure-power-monitoring-expert/#overview}},
  note         = {Megnyitva: 2025-03-17},
  publisher    = {Schneider Electric},
  year         = {2025}
}

@online{sieEMS,
  title        = {SIMATIC Energy Management Software},
  howpublished = {\url{https://www.siemens.com/global/en/products/automation/industry-software/automation-software/energymanagement.html}},
  note         = {Megnyitva: 2025-03-17},
  publisher    = {Siemens},
  year         = {2025}
}

@online{simplyexplained:emonlib,
  author    = {Simply Explained},
  title     = {Home Energy Monitor ESP32 CT Sensor Emonlib},
  year      = {2025},
  url       = {https://simplyexplained.com/blog/Home-Energy-Monitor-ESP32-CT-Sensor-Emonlib/},
  note      = {Megnyitva: 2025-03-22}
}

@online{openenergymonitor,
  author    = {OpenEnergyMonitor},
  title     = {Interface with Arduino},
  year      = {2025},
  url       = {https://docs.openenergymonitor.org/electricity-monitoring/ct-sensors/interface-with-arduino.html},
  note      = {Megnyitva: 2025-03-22}
}

@online{patel_nodemcu,
    title = {Getting Started with NodeMCU (ESP8266) on Arduino IDE},
    author = {Patel, Darshil},
    year = {2020},
    url = {https://projecthub.arduino.cc/PatelDarshil/getting-started-with-nodemcu-esp8266-on-arduino-ide-b193c3},
    note = {Megnyitva: 2024-11-08}
}

@online{mikroelektronik:sct013,
  author    = {Mikroelektronik},
  title     = {YHDC SCT013 100A 1V felfüggesztés típusú osztott magos áramérzékelő},
  year      = {2025},
  url       = {https://mikroelektronik.hu/elektronikus-osszetevok/126660-yhdc-sct013-100a-1v-felfuggesztes-tipusa-osztott-magos-aramerzekelo-ac-aram-transzformator-tesztaram.html},
  note      = {Megnyitva: 2025-03-22}
}

@online{techtutorialsx:esp8266flask,
  author    = {TechTutorialsX},
  title     = {ESP8266 Posting JSON Data to a Flask Server on the Cloud},
  year      = {2017},
  url       = {https://techtutorialsx.com/2017/01/08/esp8266-posting-json-data-to-a-flask-server-on-the-cloud/},
  note      = {Megnyitva: 2025-03-24}
}
